
@article{NavneetHOG,
author = {Navneet Dalal and Bill Triggs},
title = {Histograms of Oriented Gradients for Human Detection},
journaltitle = {CVPR},
date = {juin 2015},
}
